 @article{cite:8,
  author = {Andrew P. Davison},
  title = {Automated capture of experiment context for easier reproducibility
in computational research},
  journal = {Computing in Science and Engineering},
  month = jan,
  year =  2012,
  volume = 14,
  pages = {48â€“56}}


